{
  "leader": "04334cam a2200481 i 4500",
  "fields": [
    {
      "001": "ocm03002015\\"
    },
    {
      "003": "OCoLC"
    },
    {
      "005": "20211117033635.0"
    },
    {
      "008": "770511s1977\\\\\\\\nyua\\\\\\\\\\b\\\\\\\\001\\0\\eng\\\\"
    },
    {
      "010": {
        "ind1": "\\",
        "ind2": "\\",
        "subfields": [
          {
            "a": "   76057489 "
          }
        ]
      }
    },
    {
      "040": {
        "ind1": "\\",
        "ind2": "\\",
        "subfields": [
          {
            "a": "DLC"
          },
          {
            "b": "eng"
          },
          {
            "c": "DLC"
          },
          {
            "d": "VET"
          },
          {
            "d": "PGC"
          },
          {
            "d": "MUQ"
          },
          {
            "d": "BAKER"
          },
          {
            "d": "OCLCQ"
          },
          {
            "d": "NLM"
          },
          {
            "d": "OCLCG"
          },
          {
            "d": "YDXCP"
          },
          {
            "d": "AU@"
          },
          {
            "d": "NLE"
          },
          {
            "d": "DEBBG"
          },
          {
            "d": "BDX"
          },
          {
            "d": "GBVCP"
          },
          {
            "d": "OCLCO"
          },
          {
            "d": "OCLCF"
          },
          {
            "d": "OCLCQ"
          },
          {
            "d": "OCLCO"
          },
          {
            "d": "OCLCA"
          },
          {
            "d": "SNN"
          },
          {
            "d": "UKMGB"
          },
          {
            "d": "OCLCQ"
          },
          {
            "d": "RBN"
          },
          {
            "d": "OCLCO"
          }
        ]
      }
    },
    {
      "016": {
        "ind1": "7",
        "ind2": "\\",
        "subfields": [
          {
            "a": "7708000"
          },
          {
            "2": "DNLM"
          }
        ]
      }
    },
    {
      "016": {
        "ind1": "7",
        "ind2": "\\",
        "subfields": [
          {
            "a": "009560139"
          },
          {
            "2": "Uk"
          }
        ]
      }
    },
    {
      "016": {
        "ind1": "7",
        "ind2": "\\",
        "subfields": [
          {
            "a": "014349486"
          },
          {
            "2": "Uk"
          }
        ]
      }
    },
    {
      "020": {
        "ind1": "\\",
        "ind2": "\\",
        "subfields": [
          {
            "a": "0195022149"
          }
        ]
      }
    },
    {
      "020": {
        "ind1": "\\",
        "ind2": "\\",
        "subfields": [
          {
            "a": "9780195022148"
          }
        ]
      }
    },
    {
      "020": {
        "ind1": "\\",
        "ind2": "\\",
        "subfields": [
          {
            "a": "0195022157"
          },
          {
            "q": "(pbk.)"
          }
        ]
      }
    },
    {
      "020": {
        "ind1": "\\",
        "ind2": "\\",
        "subfields": [
          {
            "a": "9780195022155"
          },
          {
            "q": "(pbk.)"
          }
        ]
      }
    },
    {
      "035": {
        "ind1": "\\",
        "ind2": "\\",
        "subfields": [
          {
            "a": "(OCoLC)3002015"
          }
        ]
      }
    },
    {
      "050": {
        "ind1": "0",
        "ind2": "0",
        "subfields": [
          {
            "a": "RM315"
          },
          {
            "b": ".P7534"
          }
        ]
      }
    },
    {
      "060": {
        "ind1": "0",
        "ind2": "0",
        "subfields": [
          {
            "a": "QV 77"
          },
          {
            "b": "P9722 1977"
          }
        ]
      }
    },
    {
      "082": {
        "ind1": "0",
        "ind2": "0",
        "subfields": [
          {
            "a": "615.78"
          },
          {
            "b": "PSY"
          }
        ]
      }
    },
    {
      "049": {
        "ind1": "\\",
        "ind2": "\\",
        "subfields": [
          {
            "a": "NYRV"
          }
        ]
      }
    },
    {
      "245": {
        "ind1": "0",
        "ind2": "0",
        "subfields": [
          {
            "a": "Psychopharmacology :"
          },
          {
            "b": "from theory to practice /"
          },
          {
            "c": "editors, Jack D. Barchas [and others]."
          }
        ]
      }
    },
    {
      "260": {
        "ind1": "\\",
        "ind2": "\\",
        "subfields": [
          {
            "a": "New York :"
          },
          {
            "b": "Oxford University Press,"
          },
          {
            "c": "1977."
          }
        ]
      }
    },
    {
      "300": {
        "ind1": "\\",
        "ind2": "\\",
        "subfields": [
          {
            "a": "xxiii, 557 pages :"
          },
          {
            "b": "illustrations ;"
          },
          {
            "c": "24 cm"
          }
        ]
      }
    },
    {
      "336": {
        "ind1": "\\",
        "ind2": "\\",
        "subfields": [
          {
            "a": "text"
          },
          {
            "b": "txt"
          },
          {
            "2": "rdacontent"
          }
        ]
      }
    },
    {
      "337": {
        "ind1": "\\",
        "ind2": "\\",
        "subfields": [
          {
            "a": "unmediated"
          },
          {
            "b": "n"
          },
          {
            "2": "rdamedia"
          }
        ]
      }
    },
    {
      "338": {
        "ind1": "\\",
        "ind2": "\\",
        "subfields": [
          {
            "a": "volume"
          },
          {
            "b": "nc"
          },
          {
            "2": "rdacarrier"
          }
        ]
      }
    },
    {
      "504": {
        "ind1": "\\",
        "ind2": "\\",
        "subfields": [
          {
            "a": "Includes bibliographical references and index."
          }
        ]
      }
    },
    {
      "505": {
        "ind1": "0",
        "ind2": "0",
        "subfields": [
          {
            "t": "Neuroregulators and behavior /"
          },
          {
            "r": "Glen R. Elliott, R. Bruce Holman, Jack D. Barchas --"
          },
          {
            "t": "Catecholamine neuroregulators /"
          },
          {
            "r": "Roland D. Ciaranello, Robert L. Patrick --"
          },
          {
            "t": "Indoleamine and other neuroregulators /"
          },
          {
            "r": "Glen R. Elliott, Jean Renson, Philip A. Berger --"
          },
          {
            "t": "Neurophysiological aspects of brain function /"
          },
          {
            "r": "Walton T. Roth --"
          },
          {
            "t": "Effects of drugs on psychological processes in humans /"
          },
          {
            "r": "Bert S. Kopell --"
          },
          {
            "t": "Sociopharmacology /"
          },
          {
            "r": "Patricia R. Barchas, Jack D. Barchas --"
          },
          {
            "t": "Emergency treatment /"
          },
          {
            "r": "Burr Eichelman --"
          },
          {
            "t": "Biogenic amine hypotheses of schizophrenia /"
          },
          {
            "r": "Jack D. Barchas, Glen R. Elliott, Philip A. Berger --"
          },
          {
            "t": "Antipsychotic medications and the treatment of schizophrenia /"
          },
          {
            "r": "Leo E. Hollister --"
          },
          {
            "t": "Biochemical hypotheses of affective disorders /"
          },
          {
            "r": "Philip A. Berger, Jack D. Barchas --"
          },
          {
            "t": "Antidepressant medications and the treatment of depressions /"
          },
          {
            "r": "Philip A. Berger --"
          },
          {
            "t": "Lithium and the treatment of mania /"
          },
          {
            "r": "Robert L. Sack, Emanuel de Fraites --"
          },
          {
            "t": "Antianxiety medications and the treatment of anxiety /"
          },
          {
            "r": "Jared R. Tinklenberg."
          }
        ]
      }
    },
    {
      "505": {
        "ind1": "0",
        "ind2": "0",
        "subfields": [
          {
            "t": "Pharmacological treatment of sleep disorders /"
          },
          {
            "r": "William C. Dement, Vincent Zarcone --"
          },
          {
            "t": "Pharmacological treatment of aggressive disturbances /"
          },
          {
            "r": "Burr Eichelman --"
          },
          {
            "t": "Hypnotic agents in psychiatric evaluations /"
          },
          {
            "r": "Burr Eichelman, Floyd M. Estess, Thomas A. Gonda --"
          },
          {
            "t": "Side effects of and adverse reactions to psychotropic medications /"
          },
          {
            "r": "Robert L. Sack --"
          },
          {
            "t": "Opiates : biological mechanisms /"
          },
          {
            "r": "Huda Akil --"
          },
          {
            "t": "Sedative hypnotics : biological mechanisms /"
          },
          {
            "r": "Joachim Raese --"
          },
          {
            "t": "Alcohol : biological mechanisms /"
          },
          {
            "r": "R. Bruce Holman --"
          },
          {
            "t": "Amphetamine and cocaine : biological mechanisms /"
          },
          {
            "r": "Robert L. Patrick --"
          },
          {
            "t": "Hallucinogens and other psychotomimetics : biological mechanisms /"
          },
          {
            "r": "Stanley J. Watson --"
          },
          {
            "t": "Treatment of abusers of alcohol and other addictive drugs /"
          },
          {
            "r": "Philip A. Berger, Jared R. Tinklenberg --"
          },
          {
            "t": "Treatment of abusers of nonaddictive drugs /"
          },
          {
            "r": "Jared R. Tinklenberg, Philip A. Berger --"
          },
          {
            "t": "Psychopharmacology of childhood disorders /"
          },
          {
            "r": "Thomas F. Anders, Roland D. Ciaranello."
          }
        ]
      }
    },
    {
      "505": {
        "ind1": "0",
        "ind2": "0",
        "subfields": [
          {
            "t": "Pharmacological treatment of the minimal brain dysfunction syndrome /"
          },
          {
            "r": "Thomas F. Anders, Roland D. Ciaranello --"
          },
          {
            "t": "Drug treatment of childhood psychotic disorders /"
          },
          {
            "r": "Roland D. Ciaranello, Thomas F. Anders --"
          },
          {
            "t": "Psychopharmacological treatment of the aged /"
          },
          {
            "r": "George D. Gulevich --"
          },
          {
            "t": "Psychological effects of nonpsychiatric drugs /"
          },
          {
            "r": "Kenneth L. Davis --"
          },
          {
            "t": "Psychotherapy and psychopharmacology : The placebo /"
          },
          {
            "r": "Adolf Pfefferbaum --"
          },
          {
            "t": "Methodological aspects of psychopharmacology /"
          },
          {
            "r": "Helena C. Kraemer --"
          },
          {
            "t": "Convulsive and coma therapies and psychosurgery /"
          },
          {
            "r": "George D. Gulevich --"
          },
          {
            "t": "Promise and limits of psychopharmacology /"
          },
          {
            "r": "Jack D. Barchas, Philip A. Berger, Roland D. Ciaranello, Glen R. Elliott."
          }
        ]
      }
    },
    {
      "530": {
        "ind1": "\\",
        "ind2": "\\",
        "subfields": [
          {
            "a": "Also issued online."
          }
        ]
      }
    },
    {
      "650": {
        "ind1": "\\",
        "ind2": "0",
        "subfields": [
          {
            "a": "Psychopharmacology."
          }
        ]
      }
    },
    {
      "650": {
        "ind1": "\\",
        "ind2": "2",
        "subfields": [
          {
            "a": "Mental Disorders"
          },
          {
            "x": "drug therapy"
          },
          {
            "0": "(DNLM)D001523Q000188"
          }
        ]
      }
    },
    {
      "650": {
        "ind1": "\\",
        "ind2": "2",
        "subfields": [
          {
            "a": "Psychopharmacology"
          },
          {
            "0": "(DNLM)D011600"
          }
        ]
      }
    },
    {
      "650": {
        "ind1": "\\",
        "ind2": "7",
        "subfields": [
          {
            "a": "Psychopharmacology."
          },
          {
            "2": "fast"
          },
          {
            "0": "(OCoLC)fst01081659"
          }
        ]
      }
    },
    {
      "653": {
        "ind1": "\\",
        "ind2": "2",
        "subfields": [
          {
            "a": "Mental Disorders / drug therapy"
          }
        ]
      }
    },
    {
      "700": {
        "ind1": "1",
        "ind2": "\\",
        "subfields": [
          {
            "a": "Barchas, Jack D.,"
          },
          {
            "d": "1935-"
          }
        ]
      }
    },
    {
      "776": {
        "ind1": "0",
        "ind2": "8",
        "subfields": [
          {
            "i": "Online version:"
          },
          {
            "t": "Psychopharmacology."
          },
          {
            "d": "New York : Oxford University Press, 1977"
          },
          {
            "w": "(OCoLC)644603383"
          }
        ]
      }
    },
    {
      "999": {
        "ind1": "\\",
        "ind2": "\\",
        "subfields": [
          {
            "a": "No barcode"
          }
        ]
      }
    },
    {
      "994": {
        "ind1": "\\",
        "ind2": "\\",
        "subfields": [
          {
            "a": "C0"
          },
          {
            "b": "NYRVC"
          }
        ]
      }
    }
  ]
}